@INPROCEEDINGS{Dewitt1990,
  author = {David J. Dewitt and Shahram Ghandeharizadeh and Donovan Schneider and Allan Bricker and Hui-i Hsiao and Rick Rasmussen},
  title = {The Gamma database machine project},
  booktitle = {IEEE Transactions on Knowledge and Data Engineering},
  year = {1990}
}
